<record><leader>00000cas a22000007a 4500</leader><controlfield tag="001">11799827</controlfield><controlfield tag="008">850313d1878188uinudn ne      0    0eng d</controlfield><datafield ind1=" " ind2=" " tag="010"><subfield code="a">sn 85047718 </subfield></datafield><datafield ind1=" " ind2=" " tag="040"><subfield code="a">NPI</subfield><subfield code="b">eng</subfield><subfield code="c">NPI</subfield><subfield code="d">YOX</subfield><subfield code="d">NPI</subfield><subfield code="d">KRTAS</subfield><subfield code="d">OCLCQ</subfield></datafield><datafield ind1=" " ind2=" " tag="042"><subfield code="a">msc</subfield></datafield><datafield ind1="0" ind2=" " tag="130"><subfield code="a">Daily herald (Franklin, Ind.)</subfield></datafield><datafield ind1="1" ind2="4" tag="245"><subfield code="a">The daily herald.</subfield></datafield><datafield ind1="1" ind2=" " tag="246"><subfield code="i">Published as:</subfield><subfield code="a">Franklin daily herald</subfield><subfield code="f">Feb. 6, 1880</subfield></datafield><datafield ind1=" " ind2=" " tag="260"><subfield code="a">Franklin, Ind. :</subfield><subfield code="b">[s.n.]</subfield></datafield><datafield ind1=" " ind2=" " tag="300"><subfield code="a">v. :</subfield><subfield code="b">ill. ;</subfield><subfield code="c">36-44 cm.</subfield></datafield><datafield ind1=" " ind2=" " tag="310"><subfield code="a">Daily (except Sunday)</subfield></datafield><datafield ind1="1" ind2=" " tag="362"><subfield code="a">Began in 1878.</subfield><subfield code="z">Cf. Miller, John W. Indiana newspaper bibliog.</subfield></datafield><datafield ind1=" " ind2=" " tag="500"><subfield code="a">"Neutral in politics--devoted to home interests."</subfield></datafield><datafield ind1=" " ind2=" " tag="500"><subfield code="a">Publisher: F.C. Williams, &lt;Feb. 6, 1880-Mar. 2, 1883&gt;.</subfield></datafield><datafield ind1=" " ind2=" " tag="500"><subfield code="a">Editor and proprietor: J.B. Wilson, &lt;May 6, 1879&gt;.</subfield></datafield><datafield ind1=" " ind2=" " tag="515"><subfield code="a">Experienced some brief periods of suspension, &lt;1878-1879&gt;. Cf. Miller.</subfield></datafield><datafield ind1=" " ind2=" " tag="588"><subfield code="a">Description based on: Vol. 1, no. 21 (Dec. 11, 1878).</subfield></datafield><datafield ind1=" " ind2=" " tag="752"><subfield code="a">United States</subfield><subfield code="b">Indiana</subfield><subfield code="c">Johnson</subfield><subfield code="d">Franklin.</subfield></datafield><datafield ind1="0" ind2="0" tag="785"><subfield code="t">Franklin daily herald</subfield><subfield code="w">(DLC)sn 97068701</subfield></datafield><datafield ind1=" " ind2=" " tag="938"><subfield code="a">Kirtas Technologies, Inc.</subfield><subfield code="b">KRTS</subfield><subfield code="n">739066</subfield></datafield></record>